<?xml version="1.0" encoding="UTF-8"?>
<collection>
    <record>
        <leader>01508ctmaa22002652a 4500</leader>
        <controlfield tag="001">9962668453506421</controlfield>
        <controlfield tag="005">20200927195335.0</controlfield>
        <controlfield tag="008">851121q18001899xx 000 0 ara d</controlfield>
        <datafield tag="035" ind1=" " ind2=" ">
            <subfield code="a">6266845</subfield>
        </datafield>
        <datafield tag="035" ind1=" " ind2=" ">
            <subfield code="a">(NjP)6266845-princetondb</subfield>
        </datafield>
        <datafield tag="040" ind1=" " ind2=" ">
            <subfield code="a">PUL</subfield>
            <subfield code="c">PUL</subfield>
        </datafield>
        <datafield tag="066" ind1=" " ind2=" ">
            <subfield code="c">(3</subfield>
        </datafield>
        <datafield tag="100" ind1="1" ind2=" ">
            <subfield code="a">Erzurūmī, Ibrāhīm ibn ʻUthmān ḥaqqī,</subfield>
            <subfield code="d">d. 1781.</subfield>
        </datafield>
        <datafield tag="245" ind1="1" ind2="0">
            <subfield code="a">Ulfat al-anām bi-al-amn wa-al-āmān.</subfield>
        </datafield>
        <datafield tag="500" ind1=" " ind2=" ">
            <subfield code="a">fol. 2b-25a. 208 x 130; 155 x 77 mm. 25 lin. Rajab 1290.</subfield>
        </datafield>
        <datafield tag="500" ind1=" " ind2=" ">
            <subfield code="a">Aaccording to Brockelmann, GAL, and Tahir, Osmanlı müʻellifleri
                (1914-24), the author d. 1186/1772, but the colophon of the ms. indicates that the
                author completed his work in 1190 H.).</subfield>
        </datafield>
        <datafield tag="500" ind1=" " ind2=" ">
            <subfield code="a">Brockelmann, GAL, S II, 1004 (79: no. 3) Tahir, Osmanlı müʻellifleri
                (1914-24), I, 35 (no. 37).</subfield>
        </datafield>
        <datafield tag="500" ind1=" " ind2=" ">
            <subfield code="a">The treatise is divided into 25 faṣl and khātimah:</subfield>
        </datafield>
        <datafield tag="500" ind1=" " ind2=" ">
            <subfield code="a">الاول): فى بىان فضائل الالفة</subfield>
        </datafield>
        <datafield tag="500" ind1=" " ind2=" ">
            <subfield code="a">... الثانى): فى بىان فوائد الافة بحسن الخلق مع الخلق</subfield>
        </datafield>
        <datafield tag="500" ind1=" " ind2=" ">
            <subfield code="a">الرابع والعشرون): فى آداب صحبة اخوان الصفا وارکان الالفة
                بهم</subfield>
        </datafield>
        <datafield tag="500" ind1=" " ind2=" ">
            <subfield code="a">... الخامس والعشرون): فى آداب صحبة معارف الناس. خاتمة آداب صحبة مجاهل
                الناس</subfield>
        </datafield>
        <datafield tag="500" ind1=" " ind2=" ">
            <subfield code="a">Incip.: ... الحمد لله الرؤف الرحىم</subfield>
        </datafield>
        <datafield tag="650" ind1=" " ind2="0">
            <subfield code="a">Islamic etiquette</subfield>
            <subfield code="v">Early works to 1800.</subfield>
        </datafield>
        <datafield tag="655" ind1=" " ind2="7">
            <subfield code="a">Manuscripts, Arabic</subfield>
            <subfield code="y">19th century.</subfield>
            <subfield code="2">lcsh</subfield>
        </datafield>
        <datafield tag="773" ind1="0" ind2=" ">
            <subfield code="t">[Ulfat al-anām bi-al-amn wa-al-āmān ... etc.]</subfield>
            <subfield code="w">99116510643506421</subfield>
        </datafield>
    </record>