
    <record>
        <leader>01620ctmaa22001932a 4500</leader>
        <controlfield tag="001">9962668563506421</controlfield>
        <controlfield tag="005">20200927195336.0</controlfield>
        <controlfield tag="008">851121q16001699xx 000 0 ara d</controlfield>
        <datafield tag="035" ind1=" " ind2=" ">
            <subfield code="a">6266856</subfield>
        </datafield>
        <datafield tag="035" ind1=" " ind2=" ">
            <subfield code="a">(NjP)6266856-princetondb</subfield>
        </datafield>
        <datafield tag="040" ind1=" " ind2=" ">
            <subfield code="a">PUL</subfield>
            <subfield code="c">PUL</subfield>
        </datafield>
        <datafield tag="066" ind1=" " ind2=" ">
            <subfield code="c">(3</subfield>
        </datafield>
        <datafield tag="245" ind1="0" ind2="0">
            <subfield code="a">Tuḥfat al-ruʼasāʼ fī baʻḍ mā warada fī al-nisāʼ.</subfield>
        </datafield>
        <datafield tag="500" ind1=" " ind2=" ">
            <subfield code="a">fol. 96a-124b. 200 x 145; 155 x 92 mm. Shaʻbān 1064, ʻAbd al-Jawād
                ibn ʻAlī al-Abyārī.</subfield>
        </datafield>
        <datafield tag="500" ind1=" " ind2=" ">
            <subfield code="a">One leaf, containing the commencement of the preface, is missing; the
                anon. author describes the arrangement of his work as follows (fol. 96a, lin. 16
                sqq.): ... وسمىتها تحفة الروسا ... وضمنتها بابىن الباب الاول فىما ورد فىما فى النسا
                وفىه ثلاثة فصول الفصل الاول فى ذم النساء الفصل الثانى فى التحذر من فتنتهن الفصل
                الثالث فى فعلهن القبىح المسمى بالسحاق الباب الثانى فى النکاح وفىه اربعة فصول الفصل
                الاول فى الترغىب فىه وفى آفاته الفصل الثانى فى الترغىب فىه وفى فوائده الفصل الثالث
                فى حق الزوج على الزوجة الفصل الرابع فى آداب معاشرتهن</subfield>
        </datafield>
        <datafield tag="500" ind1=" " ind2=" ">
            <subfield code="a">According to colophon, the author completed his work in 1025
                H.</subfield>
        </datafield>
        <datafield tag="650" ind1=" " ind2="0">
            <subfield code="a">Marriage</subfield>
            <subfield code="x">Religious aspects</subfield>
            <subfield code="x">Islam</subfield>
            <subfield code="v">Early works to 1800.</subfield>
        </datafield>
        <datafield tag="650" ind1=" " ind2="0">
            <subfield code="a">Women</subfield>
            <subfield code="z">Islamic Empire</subfield>
            <subfield code="v">Early works to 1800.</subfield>
        </datafield>
        <datafield tag="655" ind1=" " ind2="7">
            <subfield code="a">Manuscripts, Arabic</subfield>
            <subfield code="y">17th century.</subfield>
            <subfield code="2">lcsh</subfield>
        </datafield>
        <datafield tag="773" ind1="0" ind2=" ">
            <subfield code="t">[Tuḥfat al-ruʼasāʼ fī baʻḍ mā warada fī al-nisāʼ ...
                etc.]</subfield>
            <subfield code="w">99116510813506421</subfield>
        </datafield>
    </record>