
    <record>
        <leader>00833ctmaa22001932a 4500</leader>
        <controlfield tag="001">9962668663506421</controlfield>
        <controlfield tag="005">20200927195337.0</controlfield>
        <controlfield tag="008">851121q18001899xx 000 0 ara d</controlfield>
        <datafield tag="035" ind1=" " ind2=" ">
            <subfield code="a">6266866</subfield>
        </datafield>
        <datafield tag="035" ind1=" " ind2=" ">
            <subfield code="a">(NjP)6266866-princetondb</subfield>
        </datafield>
        <datafield tag="040" ind1=" " ind2=" ">
            <subfield code="a">PUL</subfield>
            <subfield code="c">PUL</subfield>
        </datafield>
        <datafield tag="066" ind1=" " ind2=" ">
            <subfield code="c">(3</subfield>
        </datafield>
        <datafield tag="100" ind1="1" ind2=" ">
            <subfield code="a">Qārī al-Harawī, ʻAlī ibn Sulṭān Muḥammad,</subfield>
            <subfield code="d">-1605 or 1606.</subfield>
            <subfield code="0">http://id.loc.gov/authorities/names/n82091823</subfield>
        </datafield>
        <datafield tag="245" ind1="1" ind2="3">
            <subfield code="a">al-Taṣrīḥ fī sharḥ al-tasrīḥ.</subfield>
        </datafield>
        <datafield tag="500" ind1=" " ind2=" ">
            <subfield code="a">fol. 1b-4b. 221 x 154; 177 x 110 mm. 25 lin. 19th cen.</subfield>
        </datafield>
        <datafield tag="500" ind1=" " ind2=" ">
            <subfield code="a">Brockelmann, GAL, II, 522 (no. 78); S II, 541.</subfield>
        </datafield>
        <datafield tag="500" ind1=" " ind2=" ">
            <subfield code="a">Incip.: ... الحمد لله الذى زىن العباد بما أراد</subfield>
        </datafield>
        <datafield tag="650" ind1=" " ind2="0">
            <subfield code="a">Hair</subfield>
            <subfield code="x">Religious aspects</subfield>
            <subfield code="x">Islam</subfield>
            <subfield code="v">Early works to 1800.</subfield>
        </datafield>
        <datafield tag="655" ind1=" " ind2="7">
            <subfield code="a">Manuscripts, Arabic</subfield>
            <subfield code="y">19th century.</subfield>
            <subfield code="2">lcsh</subfield>
        </datafield>
        <datafield tag="773" ind1="0" ind2=" ">
            <subfield code="t">[Taḥqīq al-iḥtisāb fī tadqīq al-intisāb ... etc.]</subfield>
            <subfield code="w">99116509033506421</subfield>
        </datafield>
    </record>