
    <record>
        <leader>01160ctmaa22002172a 4500</leader>
        <controlfield tag="001">9962668693506421</controlfield>
        <controlfield tag="005">20200927195338.0</controlfield>
        <controlfield tag="008">851121q17001799xx 000 0 ara d</controlfield>
        <datafield tag="035" ind1=" " ind2=" ">
            <subfield code="a">6266869</subfield>
        </datafield>
        <datafield tag="035" ind1=" " ind2=" ">
            <subfield code="a">(NjP)6266869-princetondb</subfield>
        </datafield>
        <datafield tag="040" ind1=" " ind2=" ">
            <subfield code="a">PUL</subfield>
            <subfield code="c">PUL</subfield>
        </datafield>
        <datafield tag="066" ind1=" " ind2=" ">
            <subfield code="c">(3</subfield>
        </datafield>
        <datafield tag="100" ind1="1" ind2=" ">
            <subfield code="a">Saffārīnī, Muḥammad ibn Aḥmad,</subfield>
            <subfield code="d">1702 or 1703-1774.</subfield>
            <subfield code="0">http://id.loc.gov/authorities/names/n85212066</subfield>
        </datafield>
        <datafield tag="245" ind1="1" ind2="0">
            <subfield code="a">Bughyat al-nussāk fī al-kalām ʻalá al-siwāk.</subfield>
        </datafield>
        <datafield tag="500" ind1=" " ind2=" ">
            <subfield code="a">fol. 48b-59a. 224 x 165; 168 x 99 mm. 27 lin. autograph, 18th
                cen.</subfield>
        </datafield>
        <datafield tag="500" ind1=" " ind2=" ">
            <subfield code="a">Murādī, Silk al-durar, IV, 31 and Baghdādī, Īḍāḥ al-maknūn,
                I, 262 mention his Tuhfat al-nussāk fī faḍl al-siwāk.</subfield>
        </datafield>
        <datafield tag="500" ind1=" " ind2=" ">
            <subfield code="a">The treatise is divided into muqaddimah, 5 faṣl, and
                khātimah.</subfield>
        </datafield>
        <datafield tag="500" ind1=" " ind2=" ">
            <subfield code="a">Incip.: ... الحمد لله وحده وکفى ... اما بعد فانى قد سئلت مرارا عن
                السواك</subfield>
        </datafield>
        <datafield tag="650" ind1=" " ind2="0">
            <subfield code="a">Teeth</subfield>
            <subfield code="x">Care and hygiene</subfield>
            <subfield code="x">Religious aspects</subfield>
            <subfield code="x">Islam</subfield>
            <subfield code="v">Early works to 1800.</subfield>
        </datafield>
        <datafield tag="650" ind1=" " ind2="0">
            <subfield code="a">Toothpicks</subfield>
            <subfield code="x">Religious aspects</subfield>
            <subfield code="x">Islam</subfield>
            <subfield code="v">Early works to 1800.</subfield>
        </datafield>
        <datafield tag="655" ind1=" " ind2="7">
            <subfield code="a">Manuscripts, Arabic</subfield>
            <subfield code="y">18th century.</subfield>
            <subfield code="2">lcsh</subfield>
        </datafield>
        <datafield tag="773" ind1="0" ind2=" ">
            <subfield code="t">[Bughyat al-nussāk fī al-kalām ʻalá al-siwāk ...
                etc.]</subfield>
            <subfield code="w">99116508733506421</subfield>
        </datafield>
    </record>