
    <record>
        <leader>00675ctmaa22001812a 4500</leader>
        <controlfield tag="001">9962668703506421</controlfield>
        <controlfield tag="005">20200927195338.0</controlfield>
        <controlfield tag="008">851121q17001799xx 000 0 ara d</controlfield>
        <datafield tag="035" ind1=" " ind2=" ">
            <subfield code="a">6266870</subfield>
        </datafield>
        <datafield tag="035" ind1=" " ind2=" ">
            <subfield code="a">(NjP)6266870-princetondb</subfield>
        </datafield>
        <datafield tag="040" ind1=" " ind2=" ">
            <subfield code="a">PUL</subfield>
            <subfield code="c">PUL</subfield>
        </datafield>
        <datafield tag="066" ind1=" " ind2=" ">
            <subfield code="c">(3</subfield>
        </datafield>
        <datafield tag="100" ind1="1" ind2=" ">
            <subfield code="a">Qūnawī, ʻAlī.</subfield>
        </datafield>
        <datafield tag="245" ind1="1" ind2="0">
            <subfield code="a">Risālah fī ḥukm libs al-aḥmar.</subfield>
        </datafield>
        <datafield tag="500" ind1=" " ind2=" ">
            <subfield code="a">fol. 72b-74a. 202 x 143; 130 x 63 mm. 17 lin. 18th cen.</subfield>
        </datafield>
        <datafield tag="500" ind1=" " ind2=" ">
            <subfield code="a">Incip.: ... الحمد لله الذى البسنا بلباس التقوى</subfield>
        </datafield>
        <datafield tag="650" ind1=" " ind2="0">
            <subfield code="a">Clothing and dress</subfield>
            <subfield code="x">Religious aspects</subfield>
            <subfield code="x">Islam</subfield>
            <subfield code="v">Early works to 1800.</subfield>
        </datafield>
        <datafield tag="655" ind1=" " ind2="7">
            <subfield code="a">Manuscripts, Arabic</subfield>
            <subfield code="y">18th century.</subfield>
            <subfield code="2">lcsh</subfield>
        </datafield>
        <datafield tag="773" ind1="0" ind2=" ">
            <subfield code="t">[[Risālah fī ibāḥat shurb al-dukhān] ... etc.]</subfield>
            <subfield code="w">99116515153506421</subfield>
        </datafield>
    </record>