
    <record>
        <leader>00798ctmaa22001932a 4500</leader>
        <controlfield tag="001">9962668813506421</controlfield>
        <controlfield tag="005">20200927195340.0</controlfield>
        <controlfield tag="008">851121q18001899xx 000 0 ara d</controlfield>
        <datafield tag="035" ind1=" " ind2=" ">
            <subfield code="a">6266881</subfield>
        </datafield>
        <datafield tag="035" ind1=" " ind2=" ">
            <subfield code="a">(NjP)6266881-princetondb</subfield>
        </datafield>
        <datafield tag="040" ind1=" " ind2=" ">
            <subfield code="a">PUL</subfield>
            <subfield code="c">PUL</subfield>
        </datafield>
        <datafield tag="066" ind1=" " ind2=" ">
            <subfield code="c">(3</subfield>
        </datafield>
        <datafield tag="100" ind1="1" ind2=" ">
            <subfield code="a">Khādimī, Muḥammad ibn Muṣṭafá,</subfield>
            <subfield code="d">1701 or 1702-1762 or 1763.</subfield>
            <subfield code="0">http://id.loc.gov/authorities/names/nr91027348</subfield>
        </datafield>
        <datafield tag="245" ind1="1" ind2="0">
            <subfield code="a">Risālah fī al-dukhān.</subfield>
        </datafield>
        <datafield tag="500" ind1=" " ind2=" ">
            <subfield code="a">fol. 6b-7a. 228 x 162 mm. 19th cen.</subfield>
        </datafield>
        <datafield tag="500" ind1=" " ind2=" ">
            <subfield code="a">Tahir, Osmanlı müʻellifleri (1914-24), I, 298 (no. 21).</subfield>
        </datafield>
        <datafield tag="500" ind1=" " ind2=" ">
            <subfield code="a">Incip.: ... الحمد لولىه ... اعلم ان امر الدخان</subfield>
        </datafield>
        <datafield tag="650" ind1=" " ind2="0">
            <subfield code="a">Smoking (Islamic law)</subfield>
            <subfield code="v">Early works to 1800.</subfield>
        </datafield>
        <datafield tag="655" ind1=" " ind2="7">
            <subfield code="a">Manuscripts, Arabic</subfield>
            <subfield code="y">19th century.</subfield>
            <subfield code="2">lcsh</subfield>
        </datafield>
        <datafield tag="773" ind1="0" ind2=" ">
            <subfield code="t">[Haza mektup lil-fazıl ıl-kâmil Mehmet el-Birgivi ...
                etc.]</subfield>
            <subfield code="w">99116512973506421</subfield>
        </datafield>
    </record>