
    <record>
        <leader>00861ctmaa22001932a 4500</leader>
        <controlfield tag="001">9962668843506421</controlfield>
        <controlfield tag="005">20200927195341.0</controlfield>
        <controlfield tag="008">851121q18001899xx 000 0 ara d</controlfield>
        <datafield tag="035" ind1=" " ind2=" ">
            <subfield code="a">6266884</subfield>
        </datafield>
        <datafield tag="035" ind1=" " ind2=" ">
            <subfield code="a">(NjP)6266884-princetondb</subfield>
        </datafield>
        <datafield tag="040" ind1=" " ind2=" ">
            <subfield code="a">PUL</subfield>
            <subfield code="c">PUL</subfield>
        </datafield>
        <datafield tag="066" ind1=" " ind2=" ">
            <subfield code="c">(3</subfield>
        </datafield>
        <datafield tag="100" ind1="1" ind2=" ">
            <subfield code="a">ʻAymakī, Abū Bakr ibn Muʻāwiyah.</subfield>
        </datafield>
        <datafield tag="245" ind1="1" ind2="0">
            <subfield code="a">Iʻlām al-tilmīdh bi-aḥkām al-nabīdh.</subfield>
        </datafield>
        <datafield tag="500" ind1=" " ind2=" ">
            <subfield code="a">fol. 15a-20a. 220 x 176; 192 x 130 mm. 22 lin. 19th cen. (Imām
                Shāmil).</subfield>
        </datafield>
        <datafield tag="500" ind1=" " ind2=" ">
            <subfield code="a">Incip.: ... الحمد لله الذى بىن بفضله الحلال والحرام ... وبعد فىقول
                ... لما رأىت علماء داغستان</subfield>
        </datafield>
        <datafield tag="650" ind1=" " ind2="0">
            <subfield code="a">Liquor laws (Islamic law)</subfield>
            <subfield code="0">http://id.loc.gov/authorities/subjects/sh85077417</subfield>
        </datafield>
        <datafield tag="650" ind1=" " ind2="0">
            <subfield code="a">Beverages</subfield>
            <subfield code="x">Religious aspects</subfield>
            <subfield code="x">Islam.</subfield>
        </datafield>
        <datafield tag="655" ind1=" " ind2="7">
            <subfield code="a">Manuscripts, Arabic</subfield>
            <subfield code="y">19th century.</subfield>
            <subfield code="2">lcsh</subfield>
        </datafield>
        <datafield tag="773" ind1="0" ind2=" ">
            <subfield code="t">[Risālah fī īmān abaway al-Nabī ... etc.]</subfield>
            <subfield code="w">99116512943506421</subfield>
        </datafield>
    </record>