

    <record>
        <leader>01042ctmaa22002052a 4500</leader>
        <controlfield tag="001">9962668903506421</controlfield>
        <controlfield tag="005">20200927195341.0</controlfield>
        <controlfield tag="008">851121q17001799xx 000 0 ara d</controlfield>
        <datafield tag="035" ind1=" " ind2=" ">
            <subfield code="a">6266890</subfield>
        </datafield>
        <datafield tag="035" ind1=" " ind2=" ">
            <subfield code="a">(NjP)6266890-princetondb</subfield>
        </datafield>
        <datafield tag="040" ind1=" " ind2=" ">
            <subfield code="a">PUL</subfield>
            <subfield code="c">PUL</subfield>
        </datafield>
        <datafield tag="066" ind1=" " ind2=" ">
            <subfield code="c">(3</subfield>
        </datafield>
        <datafield tag="100" ind1="0" ind2=" ">
            <subfield code="a">Suyūṭī,</subfield>
            <subfield code="d">1445-1505.</subfield>
            <subfield code="0">http://id.loc.gov/authorities/names/n80081636</subfield>
        </datafield>
        <datafield tag="245" ind1="1" ind2="3">
            <subfield code="a">al-Araj fī al-faraj.</subfield>
        </datafield>
        <datafield tag="500" ind1=" " ind2=" ">
            <subfield code="a">fol. 210b-225b. 256 x 163; 175 x 110 mm. 25 lin. Ṣafar
                1188.</subfield>
        </datafield>
        <datafield tag="500" ind1=" " ind2=" ">
            <subfield code="a">Abridgment of the work of Ibn Abī al-Dunyā (d. 281/894):
                Brockelmann, GAL, I, 160 (3: no. 1, Ausz.); S I, 247; Brockelmann, GAL, II, 203 (no.
                298); S II, 197.</subfield>
        </datafield>
        <datafield tag="500" ind1=" " ind2=" ">
            <subfield code="a">Incip.: ... هذا تألىف لطىف لخصت فىه کتاب الفرج ...</subfield>
        </datafield>
        <datafield tag="650" ind1=" " ind2="0">
            <subfield code="a">Moral exhortation</subfield>
            <subfield code="v">Early works to 1800.</subfield>
        </datafield>
        <datafield tag="655" ind1=" " ind2="7">
            <subfield code="a">Manuscripts, Arabic</subfield>
            <subfield code="y">18th century.</subfield>
            <subfield code="2">lcsh</subfield>
        </datafield>
        <datafield tag="700" ind1="1" ind2=" ">
            <subfield code="a">Ibn Abī al-Dunyā, ʻAbd Allāh ibn Muḥammad,</subfield>
            <subfield code="d">823-894.</subfield>
            <subfield code="t">Faraj baʻda al-shiddah.</subfield>
            <subfield code="0">http://id.loc.gov/authorities/names/n88251324</subfield>
        </datafield>
        <datafield tag="773" ind1="0" ind2=" ">
            <subfield code="t">[Masʼalah fī al-Qurʼān wa-mā waqaʻa fīhi min nizāʻ ...
                etc.]</subfield>
            <subfield code="w">99116508463506421</subfield>
        </datafield>
    </record>