
    <record>
        <leader>01765camaa2200361Ia 4500</leader>
        <controlfield tag="001">9968554023506421</controlfield>
        <controlfield tag="005">20200928171839.0</controlfield>
        <controlfield tag="008">111007q17001799xx d 000 0 ara d</controlfield>
        <datafield tag="035" ind1=" " ind2=" ">
            <subfield code="a">(OCoLC)ocn756215414</subfield>
        </datafield>
        <datafield tag="035" ind1=" " ind2=" ">
            <subfield code="a">6855402</subfield>
        </datafield>
        <datafield tag="035" ind1=" " ind2=" ">
            <subfield code="a">(OCoLC)756215414</subfield>
        </datafield>
        <datafield tag="035" ind1=" " ind2=" ">
            <subfield code="a">(NjP)6855402-princetondb</subfield>
        </datafield>
        <datafield tag="040" ind1=" " ind2=" ">
            <subfield code="a">PUL</subfield>
            <subfield code="e">amremm</subfield>
            <subfield code="c">PUL</subfield>
        </datafield>
        <datafield tag="130" ind1="0" ind2=" ">
            <subfield code="a">Majmūʻat ḥisābāt wa-ṣuwar aqlām.</subfield>
        </datafield>
        <datafield tag="245" ind1="1" ind2="0">
            <subfield code="a">Kitāb Majmūʻat ḥisābāt wa-ṣuwar aqlām.</subfield>
        </datafield>
        <datafield tag="246" ind1="1" ind2="0">
            <subfield code="a">Majmūʻat ḥisābāt wa-ṣuwar aqlām</subfield>
        </datafield>
        <datafield tag="260" ind1=" " ind2=" ">
            <subfield code="c">[17--?]</subfield>
        </datafield>
        <datafield tag="300" ind1=" " ind2=" ">
            <subfield code="a">70 leaves :</subfield>
            <subfield code="b">paper ;</subfield>
            <subfield code="c">162 x 107 (123 x 70) mm. bound to 163 x 109 mm.</subfield>
        </datafield>
        <datafield tag="500" ind1=" " ind2=" ">
            <subfield code="a">Ms. codex.</subfield>
        </datafield>
        <datafield tag="500" ind1=" " ind2=" ">
            <subfield code="a">Title from fol. 2b.</subfield>
        </datafield>
        <datafield tag="500" ind1=" " ind2=" ">
            <subfield code="a">On spine: Label reading "Majmūʻah H" in Arabic script.</subfield>
        </datafield>
        <datafield tag="500" ind1=" " ind2=" ">
            <subfield code="a">Originally shelved as Islamic Manuscripts, Garrett no.
                387L.</subfield>
        </datafield>
        <datafield tag="500" ind1=" " ind2=" ">
            <subfield code="a">Physical description: 15 lines per page; written in serto script in
                black on unglazed, laid European paper. Rubrication and catchwords. Numerous tables
                in Arabic script, including abjad and astrological tables. Lists of magical
                alphabets on fol. 57b-68b. Fol. 1a-2a, 69a-70b blank. Light staining; otherwise in
                excellent condition.</subfield>
        </datafield>
        <datafield tag="520" ind1="8" ind2=" ">
            <subfield code="a">Collection of texts on divination, astrology, and magical
                alphabets.</subfield>
        </datafield>
        <datafield tag="541" ind1=" " ind2=" ">
            <subfield code="c">Gift ;</subfield>
            <subfield code="a">Robert Garrett,</subfield>
            <subfield code="d">1942.</subfield>
        </datafield>
        <datafield tag="546" ind1=" " ind2=" ">
            <subfield code="a">Arabic in Syriac script.</subfield>
        </datafield>
        <datafield tag="563" ind1=" " ind2=" ">
            <subfield code="a">Full red leather with paper pastedowns.</subfield>
        </datafield>
        <datafield tag="580" ind1=" " ind2=" ">
            <subfield code="a">Forms part of the Robert Garrett Collection (C0744).</subfield>
        </datafield>
        <datafield tag="650" ind1=" " ind2="0">
            <subfield code="a">Astrology, Arab</subfield>
            <subfield code="v">Early works to 1800.</subfield>
        </datafield>
        <datafield tag="650" ind1=" " ind2="0">
            <subfield code="a">Divination</subfield>
            <subfield code="z">Middle East</subfield>
            <subfield code="v">Early works to 1800.</subfield>
        </datafield>
        <datafield tag="650" ind1=" " ind2="0">
            <subfield code="a">Magic</subfield>
            <subfield code="z">Middle East</subfield>
            <subfield code="v">Early works to 1800.</subfield>
        </datafield>
        <datafield tag="655" ind1=" " ind2="7">
            <subfield code="a">Manuscripts, Arabic</subfield>
            <subfield code="y">18th century.</subfield>
            <subfield code="2">lcsh</subfield>
        </datafield>
        <datafield tag="773" ind1="0" ind2=" ">
            <subfield code="t">Robert Garrett Collection,</subfield>
            <subfield code="d">ca. 1340 B.C.-1900s.</subfield>
            <subfield code="w">997895233506421</subfield>
        </datafield>
        <datafield tag="902" ind1=" " ind2=" ">
            <subfield code="a">des</subfield>
            <subfield code="b">o</subfield>
            <subfield code="6">a</subfield>
            <subfield code="7">m</subfield>
            <subfield code="d">a</subfield>
            <subfield code="f">0</subfield>
            <subfield code="e">20111007</subfield>
        </datafield>
    </record>
</collection>
